<?xml version="1.0" encoding="UTF-8"?><collection xmlns="http://www.loc.gov/MARC21/slim"><record><leader>00619nam--2200169-i-4500</leader><controlfield tag="001">000009390</controlfield><controlfield tag="002">20161230</controlfield><controlfield tag="005">20170118003633</controlfield><controlfield tag="008">060222s1000------------r-----000-0-eng-d</controlfield><datafield ind1=" " ind2=" " tag="040"><subfield code="a">IFIN-HH</subfield></datafield><datafield ind1=" " ind2=" " tag="080"><subfield code="a">539.14</subfield></datafield><datafield ind1="1" ind2=" " tag="100"><subfield code="a">Bogoliubov, N. N</subfield></datafield><datafield ind1="1" ind2="0" tag="245"><subfield code="a">Structure of complex nuclei</subfield><subfield code="b">Lectures presented at an International Summer School for Physicists, organized by the Joint Institute for Nuclear Research and Tiflis State University in Telavi, Georgoan SSR</subfield><subfield code="c">N.N. Bogoliubov (ed.)</subfield></datafield><datafield ind1=" " ind2=" " tag="260"><subfield code="a">New York</subfield><subfield code="b">Consultants Bureau</subfield><subfield code="c">1969</subfield></datafield><datafield ind1=" " ind2=" " tag="300"><subfield code="a">VII + 217 p</subfield></datafield><datafield ind1=" " ind2=" " tag="852"><subfield code="a">33395</subfield><subfield code="c">539.14</subfield></datafield><datafield ind1=" " ind2=" " tag="CAT"><subfield code="a">SYS</subfield><subfield code="c">20170118</subfield><subfield code="h">003633</subfield></datafield></record></collection>